@ARTICLE {tesinaIA,
	author  = "Altamura ,A. and Di Pasquale, D. and Tomeo ,M.",
	title   = "Relaxed Functional Dependencies Discovery",
	journal = "Unisa",
	year    = "2017"
}
@ARTICLE {onDiscovery,
	author  = "Caruccio, L. and Deufemia, V. and Polese, G.",
	title   = "On the Discovery of Relaxed Functional Dependencies",
	year    = "2017"
}
@book{libroCeri,
	author    = " Atzeni ,P. and  Ceri, S. and Fraternali ,P. and Paraboschi ,S. and Torlone ,R.",
	title     = "Basi di dati. Modelli e linguaggi di interrogazione",
	publisher = "McGraw Hill",
	year      = "2013",
}
@Misc{metanome,
	author = "Information Systems Group",
	title  = "Hasso-Plattner-Institut: Information-systeme",
	url    = "https://hpi.de/naumann/projects/repeatability/data-profiling/fd-algorithms.html",
}
