@BOOK{DUMMY:1,
AUTHOR="John Doe",
TITLE="The Book without Title",
PUBLISHER="Dummy Publisher",
YEAR="2100",
}
@BOOK{libroCeri,
    author    = " Atzeni P., Ceri S., Fraternali P., Paraboschi S., Torlone R.",
    title     = "Basi di dati: Modelli e linguaggi di programmazione",
    publisher = "McGraw Hill",
    year      = "2013",
}
